


@misc{fpnpresentation,
        author = "Kirillov, Alexander and He, Kaiming and Girshick, Ross and Dollár, Piotr",
        title = "A Unified Architecture for Instance and Semantic Segmentation",
        year = {2017},
        url = {http://presentations.cocodataset.org/COCO17-Stuff-FAIR.pdf},
        note = {Presentación en COCO Workshop 2017}
}

@book{russell2010ia,
    author = { Russell, Stuart and  Norvig, Peter},
    title = {Artificial Intelligence: A Modern Approach},
    edition = {3rd},
    year = {2010},
    publisher = {Prentice Hall},
}

@book{mitchell1997ml,
    author = {Mitchell, Tom M.},
    title = {Machine Learning},
    year = {1997},
    publisher = {McGraw-Hill},
    note = {Referencias a págs. 17--18, 53--55, 137--140 y 368--370}
}

@misc{ng2020yearning,
    author = {Andrew Ng} ,
    title = {Machine Learning Yearning},
    year = {2020}  
}

@article{volpe2009,
    author = {Volpe, Joseph J.},
    title = {Cerebellum of the Premature Infant: Rapidly Developing, Vulnerable, Clinically Important},
    journal = {Journal of child neurology},
    volume = {24},
    number = {9},
    year = {2009},
    pages = {1085-1104},
    doi = {10.1177/0883073809338067}
}

@article{hesamian2019,
    author = {Hesamian, Mohammad Hesam and Jia, Wenjing and He, Xiangjian and Kennedy, Paul},
    title = {Deep Learning Techniques for Medical Image Segmentation: Achievements and Challenges},
    journal = {Journal of Digital Imaging},
    volume = {32},
    number = {4},
    pages = {582-596},
    year = {2019},
    doi = {10.1007/s10278-019-00227-x}
}

@article{manet2020,
    author = {Fan, Tongle and Wang, Guanglei and Li, Yan and Wang, Hongrui},
    title = {MA-Net: A Multi-Scale Attention Network for Liver and Tumor Segmentation},
    journal = {IEEE Access},
    volume ={8},
    year = {2020},
    doi = {10.1109/ACCESS.2020.3025372},
    url = {https://ieeexplore.ieee.org/abstract/document/9201310}
}

@inproceedings{linknet2020,
    author = {Chaurasia, Abhishek and Culurciello, Eugenio},
    title = {LinkNet: Exploiting Encoder Representations for Efficient Semantic Segmentation},
    booktitle = {2017 IEEE Visual Communications and Image Processing (VCIP)},
    year = {2017},
    publisher = {IEEE},
    doi = {10.1109/VCIP.2017.8305148},
    url = {http://arxiv.org/abs/1707.03718}
}

@article{unet2015,
    author = {Ronneberger, Olaf and Fischer, Philipp and Brox, Thomas},
    title = {{U-Net}: Convolutional Networks for Biomedical Image Segmentation},
    journal = {arXiv preprint},
    year = {2015},
    url = {http://arxiv.org/abs/1505.04597}
}

@article{unetplusplus2018,
    author = {Zhou, Zongwei and Siddiquee, Md Mahfuzur Rahman and  Tajbakhsh, Nima and Liang, Jianming},
    title = {{UNet++}: A Nested U-Net Architecture for Medical Image Segmentation},
    journal = {arXiv preprint},
    year = {2018},
    url = {http://arxiv.org/abs/1807.10165}
}

@article{pspnet2017,
    author = {Zhao, Hengshuang and Shi, Jianping and  Qi, Xiaojuan and Wang, Xiaogang},
    title = {Pyramid Scene Parsing Network},
    journal = {arXiv preprint},
    year = {2017},
    url = {http://arxiv.org/abs/1612.01105}
}
@article{koning2017impacts,
    author = {Koning, Irene V. and Tielemans, Myrte J. and  Hoebeek, Freek E. and Ecury-Goossen, Ginette M. and Reiss, Irwin K. M. and Steegers-Theunissen ,Regine P. M.},
    title = {Impacts on prenatal development of the human cerebellum: a systematic review},
    journal = {The Journal of Maternal-Fetal & Neonatal Medicine},
    volume = {30},
    number = {20},
    pages = {2461-2468},
    year = {2017},
    doi = {10.1080/14767058.2016.1253060}
}

@article{leigthon2007ultrasound,
    author = {Leighton, Timothy G.},
    title = {What is ultrasound?},
    journal = {Progress in Biophysics and Molecular Biology},
    volume ={93},
    year = {2007},
    publisher = {Elsevier},
    doi={10.1016/j.pbiomolbio.2006.07.026}
}

@article{Hossin2015precision,
    author = {M, Hossin and M.N, Sulaiman},
    title = {A Review on Evaluation Metrics for Data Classification Evaluations},
    journal = {International Journal of Data Mining & Knowledge Management Process},
    volume ={5},
    year = {2015},
    url = {http://www.aircconline.com/ijdkp/V5N2/5215ijdkp01.pdf}
}

@article{cheng2021iou,
    author = {Cheng, Bowen and Girshick, Ross and Dollár, Piotr and Berg, Alexander C. and Kirillov, Alexander},
    title = {Boundary IoU: Improving Object-Centric Image Segmentation Evaluation},
    journal = {arXiv},
    year = {2021},
    url = {http://arxiv.org/abs/2103.16562}
}

@article{crispdm2021,
    author = {Schröer, Christoph and Kruse, Felix and Gomez, Jorge Marx},
    title = {A Systematic Literature Review on Applying CRISP-DM Process Model},
    journal = {Procedia Computer Science},
    volume = {181},
    year = {2021}
}

@book{deeplearning2016,
    title={Deep Learning},
    author={Goodfellow, Ian and Bengio, Yoshua and Courville, Aaron},
    publisher={MIT Press},
    year={2016}
}

@inproceedings{ajmal2018cnn,
    author = {Ajmal, Hina and Rehman, Saad and Farooq, Umar and Ain Qurrat U. and Riaz, Farhan and Hassan, Ali},
    title = {Convolutional neural network based image segmentation: A Review},
    booktitle = {Pattern Recognition and Tracking XXIX},
    volume = {10649},
    pages = {191-203},
    year = {2018},
    publisher = {SPIE},
    doi = {10.1117/12.2304711},
    url = {https://www.spiedigitallibrary.org/conference-proceedings-of-spie/10649/106490N/Convolutional-neural-network-based-image-segmentation-a-review/10.1117/12.2304711.full}
}

@misc{klinger2023segmentacion,
    author = {Klingler, Nico},
    title = {Image Segmentation with Deep Learning (Guide)},
    year = {2023},
    url = {https://viso.ai/deep-learning/image-segmentation-using-deep-learning/},
    howpublished={\url{https://viso.ai/deep-learning/image-segmentation-using-deep-learning/}},
    note = {Accedido: 1 de junio de 2024},
}

@article{ying2019overfitting,
    author = {Ying, Xue},
    title = {An Overview of Overfitting and its Solutions},
    journal = {Journal of Physics: Conference Series},
    year = {2019},
    volume = {1168},
    number = {2},
    doi = {10.1088/1742-6596/1168/2/022022}
}

@article{wolf2009vermis,
    author = {Wolf, Uri and Rapoport, Mark J. and Schweizer, Tom A.},
    title = {Evaluating the affective component of the cerebellar cognitive affective syndrome},
    journal = {The Journal of Neuropsychiatry and Clinical Neurosciences},
    year = {2009},
    volume ={21},
    number = {3},
    pages = {245-253},
    doi = {10.1176/jnp.2009.21.3.245}
}

@article{schmahmann1998cerebellum,
    author = {Schmahmann, J D and Sherman, J C},
    title = {The cerebellar cognitive affective syndrome.} ,
    journal = {Brain},
    year = {1998},
    volume = {121},
    number = {4},
    pages = {561-579},
    doi = {10.1093/brain/121.4.561},
    url = {https://doi.org/10.1093/brain/121.4.561}
}

@misc{volpecerebelo,
    author = {Volpe, J.J.},
    title = {Commentary — Cerebellar underdevelopment in the very preterm infant: Important and underestimated source of cognitive deficits},
    journal = {Journal of Neonatal-Perinatal Medicine},
    volume = {14},
    number = {4},
    pages = {451-456},
    doi = {10.3233/NPM-210774},
    note = {Accedido: 26 de mayo de 2025}
}

@misc{patel2023cisternamagna,
    author = {Weisbrod, Luke J. and Thorell William},
    title = {Mega Cisterna Magna},
    journal = {StatPearls Publishing},
    year = {2023},
    howpublished = {http://www.ncbi.nlm.nih.gov/books/NBK582133/},
    note = {Accedido: 26 de mayo de 2025}
}

@misc{holbrook2021overfitting,
    author = {Ryan Holbrook}, 
    title = {Overfitting and Underfitting},
    howpublished = {\url{https://kaggle.com/code/ryanholbrook/overfitting-and-underfitting}},
    note = {Accedido: 30 de mayo de 2025}
}

@misc{plain2021,
    author = {ecanorea},
    title = {Segmentación de órganos en imágenes médicas con Inteligencia Artificial},
    year = {2021},
    url = {https://www.plainconcepts.com/es/segmentacion-organos-inteligencia-artificial/},
    subtitle = {Plain Concepts}
}

@misc{crispdmimage,
    title = {Cross Industry Standard Process for Data Mining},
    journal = {Wikipedia},
    howpublished = {\url{https://es.wikipedia.org/w/index.php?title=Cross_Industry_Standard_Process_for_Data_Mining&oldid=154176991}},
    year = {2023},
    note = {Accedido: 31 de mayo de 2025}
}

@article{dandy2023,
    author = {Alves, C.A.P.F. and Sidpra, J. and  Manteghinejad, A. and  Sudhakar, S. and Massey, F.V. and Aldinger, K.A. and Haldipur, P. and Lucato, L.T. and Ferraciolli, S.F. and Teixeira, S.R. and Öztekin, Ö. and Bhattacharya, D. and Taranath, A. and Prabhu, S.P. and Mirsky, D.M. and Andronikou, S. and Millen, K.J. and Barkovich, A.J. and Boltshauser,  E. and  Dobyns, W.B. and  Barkovich, M.J. and Whitehead, M.T. and Mankad, K.},
    title = {Dandy-Walker Phenotype with Brainstem Involvement: 2 Distinct Subgroups with Different Prognosis},
    journal = {American Journal of Neuroradiology},
    volume = {44},
    number = {10},
    pages = {1201-1207},
    year = {2023},
    doi = {10.3174/ajnr.A7967},
    url = {https://www.ajnr.org/content/44/10/1201}
}

@misc{matrizconfusion,
    author = {Murel Ph.D., Jacob and Kavlakoglu, Eda},
    title = {What is a confusion matrix? | IBM},
    year = {2024},
    howpublished = {https://www.ibm.com/think/topics/confusion-matrix},
    note = {Accedido: 31 de mayo de 2025}
}

@misc{kenhub,
    author = {Kenhub},
    title = {Cerebelo y tronco encefálico},
    howpublished = {https://www.kenhub.com/es/library/anatomia-es/cerebelo-y-tronco-encefalico},
    note ={Accedido: 26 de mayo de 2025}
}

@inbook{ultrasonido,
    author = {Borowy, Christopher S. and Mukhdomi, Taif},
    title = {Principios físicos e instrumentación de la sonografía},
    publisher = {StatPearls Publishing},
    year = {2023},
    url = {https://www.ncbi.nlm.nih.gov/books/NBK567710/}
}

@article{ann2004,
    author = {Salas, Rodrigo},
    title = {Redes Neuronales Artificiales},
    journal = {Universidad de Valparaíso, Departamento de computación},
    year = {2004},
}

@misc{sotil2022cnn,
    author = {Sotil Ccama, Diego Armando},
    title = {Redes Neuronales Convolucionales CNN},
    year = {2022},
    howpublished = {https://rpubs.com/dsotilccama/CNN_Markdown},
    note = {Accedido: 22 de junio de 2025}
}

@misc{ibmcnn,
    title = {What are Convolutional Neural Networks? | IBM},
    howpublished = {\url{https://www.ibm.com/think/topics/convolutional-neural-networks}},
    note = {Accedido: 22 de junio de 2025}
}

@article{gu2018cnn,
    author = {Gu, Jiuxiang and Wang, Zhenhua and Kuen, Jason and  Ma, Lianyang and Shahroudy, Amir and Shuai,
Bing and Liu, Ting and Wang, Xingxing and Wang, Gang and Cai, Jianfei and Chen.,Tsuhan},
    title = {Recent advances in convolutional neural networks},
    journal = {Pattern Recognition},
    volume = {77},
    pages = {354-377},
    year = {2018},
    doi = {10.1016/j.patcog.2017.10.013}
}

@article{2dultrasound,
    author = {van den Heuvel, Thomas L.A. and de Bruijn, Dagmar and de Korte, Chris L. and van Ginneken, Bram},
    title = {Automated measurement of fetal head circumference using 2D ultrasound images},
    journal = {PloS one},
    year = {2018},
    url = {https://doi.org/10.1371/journal.pone.0200412}
}

@article{shorten2019da,
    author = {Shorten, Connor and Khoshgoftaar, Taghi M.},
    title = {A survey on Image Data Augmentation for Deep Learning},
    journal = {Journal of Big Data},
    volume = {6},
    number = {1},
    year = {2019},
    doi = {10.1186/s40537-019-0197-0}
}

@article{perez2017da,
    author = {Perez, Luis and Wang, Jason},
    title = {The Effectiveness of Data Augmentation in Image Classification using Deep Learning},
    journal = {arXiv preprint},
    year = {2017},
    doi = {10.48550/arXiv.1712.04621}
}

@misc{cnnimagen,
    author = {Esparza Arizpe, Marcos},
    title = {Clasificación de imágenes con redes convolucionales.},
    publisher = {Medium},
    howpublished = {\url{https://medium.com/@marcosesparzaarizpe/clasificaci%C3%B3n-de-im%C3%A1genes-con-redes-convolucionales-ee98a7dd7697}},
    note = {Accedido = 1 de junio de 2025}
}

@misc{matrizconfusionimage,
    author =  {Interactive Chaos},
    title = {Matriz de confusión},
    howpublished = {\url{https://interactivechaos.com/es/manual/tutorial-de-machine-learning/matriz-de-confusion}},
    note = {Accedido: 1 de junio de 2025}
}