@article{crispdm2021,
    author = {Schröer, Christoph and Kruse, Felix and Gomez, Jorge Marx},
    title = {A Systematic Literature Review on Applying CRISP-DM Process Model},
    journal = {Procedia Computer Science},
    volume = {181},
    year = {2021}
}

@misc{googlecolabpro_ref,
    title = {Google Colaboratory Pro - Precios},
    howpublished = {\url{https://colab.research.google.com/signup?hl=es-419}},
    note = {Acedido: 23 de mayo de 2025}
}

@misc{glassdoor_ingenierobiomedico,
    title = {Sueldo: Ingeniero Biomedico en España 2025},
    howpublished = {\url{https://www.glassdoor.es/Sueldos/ingeniero-biomedico-sueldo-SRCH_KO0,19.htm}},
    note = {Acedido: 23 de mayo de 2025}
}

@misc{calculador_salario,
    title = {Calculadora sueldo neto 2025: Pasa tu salario bruto a neto | Blog Bankinter},
    howpublished = {\url{https://www.bankinter.com/blog/economia/como-varia-sueldo-neto-funcion-salario-bruto-graficos?gad_source=1&gad_campaignid=21378945739&gbraid=0AAAAAoKa_YVNN1aF7DnmrlXU5OEeHn29S&gclid=Cj0KCQjwucDBBhDxARIsANqFdr3NYS_8b6JkzSDgy_Y52q9fWcM4jH9vslesMeNbwrCDbJ7xptdYMooaAujrEALw_wcB}},
    note = {Acedido: 23 de mayo de 2025}
}

@misc{ss_cotizaciones,
    title = {Orden PJC/178/2025, de 25 de febrero, por la que se desarrollan las normas legales de cotización a la Seguridad Social, desempleo, protección por cese de actividad, Fondo de Garantía Salarial y formación profesional para el ejercicio 2025.},
    howpublised = {\url{https://www.boe.es/buscar/act.php?id=BOE-A-2025-3780}},
    note = {Acedido: 23 de mayo de 2025}
}

@article{wolf2009vermis,
    author = {Wolf, Uri and Rapoport, Mark J. and Schweizer, Tom A.},
    title = {Evaluating the affective component of the cerebellar cognitive affective syndrome},
    journal = {The Journal of Neuropsychiatry and Clinical Neurosciences},
    year = {2009},
    volume ={21},
    number = {3},
    pages = {245-253},
    doi = {10.1176/jnp.2009.21.3.245}
}

@misc{volpecerebelo,
    author = {Volpe, J.J.},
    title = {Commentary — Cerebellar underdevelopment in the very preterm infant: Important and underestimated source of cognitive deficits},
    journal = {Journal of Neonatal-Perinatal Medicine},
    volume = {14},
    number = {4},
    pages = {451-456},
    doi = {10.3233/NPM-210774},
    note = {Accedido: 26 de mayo de 2025}
}

@misc{patel2023cisternamagna,
    author = {Weisbrod, Luke J. and Thorell William},
    title = {Mega Cisterna Magna},
    journal = {StatPearls Publishing},
    year = {2023},
    howpublished = {http://www.ncbi.nlm.nih.gov/books/NBK582133/},
    note = {Accedido: 26 de mayo de 2025}
}

